<?xml version="1.0" encoding="UTF-8"?><collection xmlns="http://www.loc.gov/MARC21/slim"><record><leader>00463nam--2200181-i-4500</leader><controlfield tag="001">000029113</controlfield><controlfield tag="002">20161230</controlfield><controlfield tag="005">20161230201037</controlfield><controlfield tag="008">060222s1000------------r-----000-0-eng-d</controlfield><datafield ind1=" " ind2=" " tag="040"><subfield code="a">IFIN-HH</subfield></datafield><datafield ind1=" " ind2=" " tag="080"><subfield code="a">801:802.0</subfield></datafield><datafield ind1="1" ind2=" " tag="100"><subfield code="a">Levitchi, Leon</subfield></datafield><datafield ind1="1" ind2="0" tag="245"><subfield code="a">Gramatica limbii engleze</subfield><subfield code="c">Leon levitchi, ioan preda</subfield></datafield><datafield ind1=" " ind2=" " tag="260"><subfield code="a">Bucuresti</subfield><subfield code="b">Editura Stiintifica</subfield><subfield code="c">1967</subfield></datafield><datafield ind1=" " ind2=" " tag="300"><subfield code="a">327P</subfield></datafield><datafield ind1="1" ind2=" " tag="700"><subfield code="a">Preda, Ioan</subfield></datafield><datafield ind1=" " ind2=" " tag="852"><subfield code="a">38316</subfield><subfield code="c">4</subfield></datafield><datafield ind1=" " ind2=" " tag="CAT"><subfield code="a">Sys</subfield><subfield code="c">20130201</subfield><subfield code="h">150022</subfield></datafield></record></collection>